@book{Carroll2007,
  added-at = {2009-06-08T15:56:57.000+0200},
  author = {Carroll, Bradley W. and Ostlie, Dale A.},
  biburl = {https://www.bibsonomy.org/bibtex/2cd2d46d88b1408585d589f96be3ddeaa/ad4},
  edition = {2nd (International)},
  editor = {Addison-Wesley, San Francisco: Pearson},
  interhash = {f4d519a83c5bf19d9880161fef71326f},
  intrahash = {cd2d46d88b1408585d589f96be3ddeaa},
  keywords = {astrophysics},
  timestamp = {2009-06-08T15:56:57.000+0200},
  title = {{A}n {I}ntroduction to {M}odern {A}strophysics},
  year = 2007
}

