@ARTICLE{2017LRR....20....3M,
   author = {{Metzger}, B.~D.},
    title = "{Kilonovae}",
  journal = {Living Reviews in Relativity},
archivePrefix = "arXiv",
   eprint = {1610.09381},
 primaryClass = "astro-ph.HE",
 keywords = {Gravitational waves, Neutron stars, Nucleosynthesis, Black holes, Radiative transfer},
     year = 2017,
    month = may,
   volume = 20,
      eid = {3},
    pages = {3},
      doi = {10.1007/s41114-017-0006-z},
   adsurl = {http://adsabs.harvard.edu/abs/2017LRR....20....3M},
  adsnote = {Provided by the SAO/NASA Astrophysics Data System}
}
