@book{2007热力学与统计物理学,
  author ={林宗涵},
  title={热力学与统计物理学},
  isbn={9787301106549},
  series={北京大学物理学丛书},
  url={https://books.google.co.jp/books?id=Bsj2GAAACAAJ},
  year={2007},
  publisher={北京大学出版社}
}

@BOOK{wangzhuxi1965,
  author ={王竹溪},
  title="{统计物理学导论}",
  booktitle = {统计物理学导论},
  url={https://books.google.co.jp/books?id=a3ZkOQAACAAJ},
  year={1965},
  publisher={高等教育出版社}
}

@book{kittel1958elementary,
  title={Elementary statistical physics},
  author={Kittel, C.},
  lccn={58012495},
  url={https://books.google.co.jp/books?id=mfxQAAAAMAAJ},
  year={1958},
  publisher={Wiley}
}

@BOOK{2015arel.book.....H,
   author = {{Horowitz}, P. and {Hill}, W.},
    title = "{The Art of Electronics}",
booktitle = {The Art of Electronics, by Paul Horowitz , Winfield Hill, Cambridge, UK: Cambridge University Press, 2015},
     year = 2015,
    month = apr,
   adsurl = {http://adsabs.harvard.edu/abs/2015arel.book.....H},
  adsnote = {Provided by the SAO/NASA Astrophysics Data System}
}

@book{thorne2017modern,
  title={Modern Classical Physics: Optics, Fluids, Plasmas, Elasticity, Relativity, and Statistical Physics},
  author={Thorne, K.S. and Blandford, R.D.},
  isbn={9780691159027},
  lccn={2014028150},
  url={https://books.google.co.jp/books?id=bEVHmwEACAAJ},
  year={2017},
  publisher={Princeton University Press}
}

@book{pathria1996statistical,
  title={Statistical Mechanics},
  author={Pathria, R.K. and Beale, P.D.},
  isbn={9780080541716},
  url={https://books.google.co.jp/books?id=PIk9sF9j2oUC},
  year={1996},
  publisher={Elsevier Science}
}

@book{harwit2006astrophysical,
  title={Astrophysical Concepts},
  author={Harwit, M.},
  isbn={9780387329437},
  series={Astronomy and Astrophysics Library},
  year={2006},
  publisher={Springer New York}
}

@BOOK{2008aspr.book.....B,
   author = {{Bradt}, H.},
    title = "{Astrophysics Processes}",
booktitle = {Astrophysics Processes, by Hale Bradt, Cambridge, UK: Cambridge University Press, 2008},
     year = 2008,
    month = sep,
   adsurl = {http://adsabs.harvard.edu/abs/2008aspr.book.....B},
  adsnote = {Provided by the SAO/NASA Astrophysics Data System}
}

@book{sethna2006statistical,
  title={Statistical Mechanics: Entropy, Order Parameters and Complexity},
  author={Sethna, J.},
  isbn={9780198566779},
  lccn={2006298188},
  series={Oxford Master Series in Physics},
  url={https://books.google.com/books?id=cF4WDZcAZEcC},
  year={2006},
  publisher={OUP Oxford}
}

@book{schwabl2006statistical,
  title={Statistical Mechanics},
  author={Schwabl, F. and Brewer, W.D.},
  isbn={9783540362173},
  lccn={2006925304},
  series={Advanced Texts in Physics},
  url={https://books.google.com/books?id=J9KgFuYXiEsC},
  year={2006},
  publisher={Springer Berlin Heidelberg}
}

@BOOK{2007spp..book.....K,
   author = {{Kardar}, M.},
    title = "{Statistical Physics of Particles}",
booktitle = {Statistical Physics of Particles, by Mehram Kardar.~ISBN-13 978-0-521-87342-0 (HB).~Published by Cambridge University Press, Cambridge, UK, 2007.},
     year = 2007,
publisher = {Cambridge University Press},
   adsurl = {http://adsabs.harvard.edu/abs/2007spp..book.....K},
  adsnote = {Provided by the SAO/NASA Astrophysics Data System}
}

@BOOK{2007spf..book.....K,
   author = {{Kardar}, M.},
    title = "{Statistical Physics of Fields}",
booktitle = {Statistical Physics of Fields, by Mehran Kardar, Cambridge, UK: Cambridge University Press, 2007},
     year = 2007,
    month = jun,
   adsurl = {http://adsabs.harvard.edu/abs/2007spf..book.....K},
  adsnote = {Provided by the SAO/NASA Astrophysics Data System}
}

