@book{stewart2015calculus,
  title={Calculus},
  author={Stewart, J.},
  isbn={9781305480513},
  url={https://books.google.com/books?id=spiaBAAAQBAJ},
  year={2015},
  publisher={Cengage Learning}
}

@book{2004重温微积分,
  title={重温微积分},
  isbn={9787040129311},
  url={https://books.google.com/books?id=VXYpAAAACAAJ},
  year={2004},
  publisher={高等教育出版社}
}