@BOOK{1992nrc.book.....P,
   author = {{Press}, W.~H. and {Teukolsky}, S.~A. and {Vetterling}, W.~T. and 
	{Flannery}, B.~P.},
    title = "{Numerical recipes in C. The art of scientific computing}",
booktitle = {Cambridge: University Press, |c1992, 2nd ed.},
     year = 1992,
   adsurl = {http://adsabs.harvard.edu/abs/1992nrfa.book.....P},
  adsnote = {Provided by the SAO/NASA Astrophysics Data System}
}
