@BOOK{2005mmp..book.....A,
   author = {{Arfken}, G.~B. and {Weber}, H.~J.},
    title = "{Mathematical methods for physicists 6th ed.}",
booktitle = {``Mathematical methods for physicists 6th ed.by George B.~Arfken and Hans J.~Weber.~Published :Amsterdam; Boston : Elsevier, c2005.~xii, 1182 p.~: ill.~; 25 cm.~ Includes bibliographical references and index.~ISBN :},
     year = 2005,
   adsurl = {http://adsabs.harvard.edu/abs/2005mmp..book.....A},
  adsnote = {Provided by the SAO/NASA Astrophysics Data System}
}

@book{arfken,
    author = {Arfken, George B. and Weber, Hans J.},
    citeulike-article-id = {10562201},
    citeulike-linkout-0 = {http://www.amazon.ca/exec/obidos/redirect?tag=citeulike09-20\&amp;path=ASIN/0123846544},
    citeulike-linkout-1 = {http://www.amazon.de/exec/obidos/redirect?tag=citeulike01-21\&amp;path=ASIN/0123846544},
    citeulike-linkout-2 = {http://www.amazon.fr/exec/obidos/redirect?tag=citeulike06-21\&amp;path=ASIN/0123846544},
    citeulike-linkout-3 = {http://www.amazon.jp/exec/obidos/ASIN/0123846544},
    citeulike-linkout-4 = {http://www.amazon.co.uk/exec/obidos/ASIN/0123846544/citeulike00-21},
    citeulike-linkout-5 = {http://www.amazon.com/exec/obidos/redirect?tag=citeulike07-20\&path=ASIN/0123846544},
    citeulike-linkout-6 = {http://www.worldcat.org/isbn/0123846544},
    citeulike-linkout-7 = {http://books.google.com/books?vid=ISBN0123846544},
    citeulike-linkout-8 = {http://www.amazon.com/gp/search?keywords=0123846544\&index=books\&linkCode=qs},
    citeulike-linkout-9 = {http://www.librarything.com/isbn/0123846544},
    day = {31},
    edition = {7},
    howpublished = {Hardcover},
    isbn = {0123846544},
    keywords = {arfken, book},
    month = jan,
    posted-at = {2012-04-13 16:04:21},
    priority = {2},
    publisher = {Academic Press},
    title = {{Mathematical Methods for Physicists, Seventh Edition: A Comprehensive Guide}},
    url = {http://www.amazon.com/exec/obidos/redirect?tag=citeulike07-20\&path=ASIN/0123846544},
    year = {2012}
}

@book{degroot2012probability,
  title={Probability and Statistics},
  author={DeGroot, M.H. and Schervish, M.J.},
  isbn={9780321500465},
  lccn={2010001486},
  url={https://books.google.co.jp/books?id=4TlEPgAACAAJ},
  year={2012},
  publisher={Addison-Wesley}
}

@BOOK{2010rdm..book.....K,
   author = {{Knoll}, G.~F.},
    title = "{Radiation detection and measurement}",
booktitle = {Radiation detection and measurement.~4th ed.~New York, NY: Wiley, 2010.~xiv, 857 p.~ISBN 9780470131480},
     year = 2010,
   adsurl = {http://adsabs.harvard.edu/abs/2000rdm..book.....K},
  adsnote = {Provided by the SAO/NASA Astrophysics Data System}
}

@book{浙大概率论与数理统计,
  author = {{盛骤} {谢式千} {潘承毅}},
  title={概率论与数理统计},
  isbn={9787040238969},
  year={2008},
  publisher={高等教育出版社}
}