@BOOK{2013degn.book.....M,
   author = {{Merritt}, D.},
    title = "{Dynamics and Evolution of Galactic Nuclei}",
booktitle = {Dynamics and Evolution of Galactic Nuclei, by David Merritt.~ISBN: <ISBN>9780691158600</ISBN>.~544 pp.~| 6 x 9 | 5 halftones.~136 line illus.~Princeton: Princeton University Press, 2013},
     year = 2013,
    month = jul,
   adsurl = {http://adsabs.harvard.edu/abs/2013degn.book.....M},
  adsnote = {Provided by the SAO/NASA Astrophysics Data System}
}
