@ARTICLE{2009A&A...497...17V,
   author = {{Vannoni}, G. and {Gabici}, S. and {Aharonian}, F.~A.},
    title = "{Diffusive shock acceleration in radiation-dominated environments}",
  journal = {\aap},
archivePrefix = "arXiv",
   eprint = {0803.1138},
 keywords = {shock waves, radiation mechanisms: non-thermal},
     year = 2009,
    month = apr,
   volume = 497,
    pages = {17-26},
      doi = {10.1051/0004-6361/200809744},
   adsurl = {http://adsabs.harvard.edu/abs/2009A%26A...497...17V},
  adsnote = {Provided by the SAO/NASA Astrophysics Data System}
}

@ARTICLE{1986A&A...164L..16C,
   author = {{Crusius}, A. and {Schlickeiser}, R.},
    title = "{Synchrotron radiation in random magnetic fields}",
  journal = {\aap},
 keywords = {Magnetic Field Configurations, Spectral Energy Distribution, Synchrotron Radiation, Energy Distribution, Magnetic Effects, Quadratures, Relativistic Particles},
     year = 1986,
    month = aug,
   volume = 164,
    pages = {L16-L18},
   adsurl = {http://adsabs.harvard.edu/abs/1986A%26A...164L..16C},
  adsnote = {Provided by the SAO/NASA Astrophysics Data System}
}

@ARTICLE{2007A&A...465..695Z,
   author = {{Zirakashvili}, V.~N. and {Aharonian}, F.},
    title = "{Analytical solutions for energy spectra of electrons accelerated by nonrelativistic shock-waves in shell type supernova remnants}",
  journal = {\aap},
   eprint = {astro-ph/0612717},
 keywords = {acceleration of particles, radiation mechanism: non-thermal, shock waves, ISM: supernova remnants},
     year = 2007,
    month = apr,
   volume = 465,
    pages = {695-702},
      doi = {10.1051/0004-6361:20066494},
   adsurl = {http://adsabs.harvard.edu/abs/2007A%26A...465..695Z},
  adsnote = {Provided by the SAO/NASA Astrophysics Data System}
}