@book{1959场论,
  title={场论},
  url={https://books.google.com/books?id=zIF8tgAACAAJ},
  year={1959},
  publisher={高等教育出版社}
}
