@BOOK{2010rdm..book.....K,
   author = {{Knoll}, G.~F.},
    title = "{Radiation detection and measurement}",
booktitle = {Radiation detection and measurement.~4th ed.~New York, NY: Wiley, 2010.~xiv, 857 p.~ISBN 9780470131480},
     year = 2010,
   adsurl = {http://adsabs.harvard.edu/abs/2000rdm..book.....K},
  adsnote = {Provided by the SAO/NASA Astrophysics Data System}
}

@book{浙大概率论与数理统计,
  author = {{盛骤} {谢式千} {潘承毅}},
  title={概率论与数理统计},
  isbn={9787040238969},
  year={2008},
  publisher={高等教育出版社}
}