@BOOK{1986qmv1.book.....C,
   author = {{Cohen-Tannoudji}, C. and {Diu}, B. and {Laloe}, F.},
    title = "{Quantum Mechanics, Volume 1}",
booktitle = {Quantum Mechanics, Volume 1, by Claude Cohen-Tannoudji, Bernard Diu, Frank Laloe, pp.~898.~ISBN 0-471-16433-X.~Wiley-VCH , June 1986.},
     year = 1986,
    month = jun,
    pages = {898},
   adsurl = {http://adsabs.harvard.edu/abs/1986qmv1.book.....C},
  adsnote = {Provided by the SAO/NASA Astrophysics Data System}
}

@book{griffiths2014introduction,
  title={Introduction to Quantum Mechanics},
  author={Griffiths, D.J.},
  isbn={9781292024080},
  series={Pearson international edition},
  url={https://books.google.co.jp/books?id=6xkLngEACAAJ},
  year={2014},
  publisher={Pearson Prentice Hall}
}

@book{schwabl2010quantum,
  title={Quantum Mechanics},
  author={Schwabl, F.},
  isbn={9783642091070},
  url={https://books.google.com.hk/books?id=RKMHkgAACAAJ},
  year={2010},
  publisher={Springer Berlin Heidelberg}
}

@book{schwabl2008advanced,
  title={Advanced Quantum Mechanics},
  author={Schwabl, F. and Hilton, R. and Lahee, A.},
  isbn={9783540850618},
  lccn={2008933497},
  series={Advanced Texts in Physics Series},
  url={https://books.google.com.hk/books?id=o-upPFoJEykC},
  year={2008},
  publisher={Springer Berlin Heidelberg}
}

@book{das2006field,
  title={Field Theory: A Path Integral Approach},
  author={Das, A.},
  isbn={9789812568472},
  lccn={2006283970},
  series={World Scientific lecture notes in physics},
  url={https://books.google.com.sg/books?id=uGUbAQAAIAAJ},
  year={2006},
  publisher={World Scientific}
}
