######### relativistic jets ##########################################################################################
@ARTICLE{2006ARA&A..44..463H,
   author = {{Harris}, D.~E. and {Krawczynski}, H.},
    title = "{X-Ray Emission from Extragalactic Jets}",
  journal = {\araa},
   eprint = {astro-ph/0607228},
     year = 2006,
    month = sep,
   volume = 44,
    pages = {463-506},
      doi = {10.1146/annurev.astro.44.051905.092446},
   adsurl = {http://adsabs.harvard.edu/abs/2006ARA%26A..44..463H},
  adsnote = {Provided by the SAO/NASA Astrophysics Data System}
}

@ARTICLE{2005ApJ...625...72S,
   author = {{Sikora}, M. and {Begelman}, M.~C. and {Madejski}, G.~M. and 
	{Lasota}, J.-P.},
    title = "{Are Quasar Jets Dominated by Poynting Flux?}",
  journal = {\apj},
   eprint = {astro-ph/0502115},
 keywords = {Magnetohydrodynamics: MHD, Galaxies: Jets, Radiation Mechanisms: Nonthermal},
     year = 2005,
    month = may,
   volume = 625,
    pages = {72-77},
      doi = {10.1086/429314},
   adsurl = {http://adsabs.harvard.edu/abs/2005ApJ...625...72S},
  adsnote = {Provided by the SAO/NASA Astrophysics Data System}
}

######### blazar and non-thermal radiation ##########################################################################################
@ARTICLE{2010A&A...521A..69A,
   author = {{Aharonian}, F. and {Akhperjanian}, A.~G. and {Anton}, G. and 
	{Barres de Almeida}, U. and {Bazer-Bachi}, A.~R. and {Becherini}, Y. and 
	{Behera}, B. and {Benbow}, W. and {Bernl{\"o}hr}, K. and {Bochow}, A. and 
	{Boisson}, C. and {Bolmont}, J. and {Borrel}, V. and {Brucker}, J. and 
	{Brun}, F. and {Brun}, P. and {B{\"u}hler}, R. and {Bulik}, T. and 
	{B{\"u}sching}, I. and {Boutelier}, T. and {Chadwick}, P.~M. and 
	{Charbonnier}, A. and {Chaves}, R.~C.~G. and {Cheesebrough}, A. and 
	{Chounet}, L.-M. and {Clapson}, A.~C. and {Coignet}, G. and 
	{Dalton}, M. and {Daniel}, M.~K. and {Davids}, I.~D. and {Degrange}, B. and 
	{Deil}, C. and {Dickinson}, H.~J. and {Djannati-Ata{\"i}}, A. and 
	{Domainko}, W. and {O'C.~Drury}, L. and {Dubois}, F. and {Dubus}, G. and 
	{Dyks}, J. and {Dyrda}, M. and {Egberts}, K. and {Emmanoulopoulos}, D. and 
	{Espigat}, P. and {Farnier}, C. and {Feinstein}, F. and {Fiasson}, A. and 
	{F{\"o}rster}, A. and {Fontaine}, G. and {F{\"u}{\ss}ling}, M. and 
	{Gabici}, S. and {Gallant}, Y.~A. and {G{\'e}rard}, L. and {Gerbig}, D. and 
	{Giebels}, B. and {Glicenstein}, J.~F. and {Gl{\"u}ck}, B. and 
	{Goret}, P. and {G{\"o}ring}, D. and {Hauser}, D. and {Hauser}, M. and 
	{Heinz}, S. and {Heinzelmann}, G. and {Henri}, G. and {Hermann}, G. and 
	{Hinton}, J.~A. and {Hoffmann}, A. and {Hofmann}, W. and {Holleran}, M. and 
	{Hoppe}, S. and {Horns}, D. and {Jacholkowska}, A. and {de Jager}, O.~C. and 
	{Jahn}, C. and {Jung}, I. and {Katarzy{\'n}ski}, K. and {Katz}, U. and 
	{Kaufmann}, S. and {Kendziorra}, E. and {Kerschhaggl}, M. and 
	{Khangulyan}, D. and {Kh{\'e}lifi}, B. and {Keogh}, D. and {Klu{\'z}niak}, W. and 
	{Kneiske}, T. and {Komin}, N. and {Kosack}, K. and {Lamanna}, G. and 
	{Lenain}, J.-P. and {Lohse}, T. and {Marandon}, V. and {Martin}, J.~M. and 
	{Martineau-Huynh}, O. and {Marcowith}, A. and {Masbou}, J. and 
	{Maurin}, D. and {McComb}, T.~J.~L. and {Medina}, M.~C. and 
	{Moderski}, R. and {Moulin}, E. and {Naumann-Godo}, M. and {de Naurois}, M. and 
	{Nedbal}, D. and {Nekrassov}, D. and {Nicholas}, B. and {Niemiec}, J. and 
	{Nolan}, S.~J. and {Ohm}, S. and {Olive}, J.-F. and {de O{\~n}a Wilhelmi}, E. and 
	{Orford}, K.~J. and {Ostrowski}, M. and {Panter}, M. and {Paz Arribas}, M. and 
	{Pedaletti}, G. and {Pelletier}, G. and {Petrucci}, P.-O. and 
	{Pita}, S. and {P{\"u}hlhofer}, G. and {Punch}, M. and {Quirrenbach}, A. and 
	{Raubenheimer}, B.~C. and {Raue}, M. and {Rayner}, S.~M. and 
	{Renaud}, M. and {Rieger}, F. and {Ripken}, J. and {Rob}, L. and 
	{Rosier-Lees}, S. and {Rowell}, G. and {Rudak}, B. and {Rulten}, C.~B. and 
	{Ruppel}, J. and {Sahakian}, V. and {Santangelo}, A. and {Schlickeiser}, R. and 
	{Sch{\"o}ck}, F.~M. and {Schr{\"o}der}, R. and {Schwanke}, U. and 
	{Schwarzburg}, S. and {Schwemmer}, S. and {Shalchi}, A. and 
	{Sikora}, M. and {Skilton}, J.~L. and {Sol}, H. and {Spangler}, D. and 
	{Stawarz}, {\L}. and {Steenkamp}, R. and {Stegmann}, C. and 
	{Stinzing}, F. and {Superina}, G. and {Szostek}, A. and {Tam}, P.~H. and 
	{Tavernet}, J.-P. and {Terrier}, R. and {Tibolla}, O. and {Tluczykont}, M. and 
	{van Eldik}, C. and {Vasileiadis}, G. and {Venter}, C. and {Venter}, L. and 
	{Vialle}, J.~P. and {Vincent}, P. and {Vivier}, M. and {V{\"o}lk}, H.~J. and 
	{Volpe}, F. and {Wagner}, S.~J. and {Ward}, M. and {Zdziarski}, A.~A. and 
	{Zech}, A.},
    title = "{Discovery of VHE {$\gamma$}-rays from the BL Lacertae object PKS 0548-322}",
  journal = {\aap},
archivePrefix = "arXiv",
   eprint = {1006.5289},
 primaryClass = "astro-ph.HE",
 keywords = {gamma rays: observations, galaxies: active, BL Lacertae objects: individual: PKS 0548-322},
     year = 2010,
    month = oct,
   volume = 521,
      eid = {A69},
    pages = {A69},
      doi = {10.1051/0004-6361/200912363},
   adsurl = {http://adsabs.harvard.edu/abs/2010A%26A...521A..69A},
  adsnote = {Provided by the SAO/NASA Astrophysics Data System}
}

@ARTICLE{2007Ap&SS.309...95B,
   author = {{B{\"o}ttcher}, M.},
    title = "{Modeling the emission processes in blazars}",
  journal = {\apss},
   eprint = {astro-ph/0608713},
 keywords = {Galaxies: active, BL Lacertae objects, Gamma-rays: theory, Radiation mechanisms: non-thermal},
     year = 2007,
    month = jun,
   volume = 309,
    pages = {95-104},
      doi = {10.1007/s10509-007-9404-0},
   adsurl = {http://adsabs.harvard.edu/abs/2007Ap%26SS.309...95B},
  adsnote = {Provided by the SAO/NASA Astrophysics Data System}
}

@ARTICLE{2015ARA&A..53..365N,
   author = {{Netzer}, H.},
    title = "{Revisiting the Unified Model of Active Galactic Nuclei}",
  journal = {\araa},
archivePrefix = "arXiv",
   eprint = {1505.00811},
     year = 2015,
    month = aug,
   volume = 53,
    pages = {365-408},
      doi = {10.1146/annurev-astro-082214-122302},
   adsurl = {http://adsabs.harvard.edu/abs/2015ARA%26A..53..365N},
  adsnote = {Provided by the SAO/NASA Astrophysics Data System}
}

@ARTICLE{2015ARA&A..53..115K,
   author = {{King}, A. and {Pounds}, K.},
    title = "{Powerful Outflows and Feedback from Active Galactic Nuclei}",
  journal = {\araa},
archivePrefix = "arXiv",
   eprint = {1503.05206},
     year = 2015,
    month = aug,
   volume = 53,
    pages = {115-154},
      doi = {10.1146/annurev-astro-082214-122316},
   adsurl = {http://adsabs.harvard.edu/abs/2015ARA%26A..53..115K},
  adsnote = {Provided by the SAO/NASA Astrophysics Data System}
}