@ARTICLE{2009ApJ...698.2121A,
   author = {{Abdo}, A.~A. and {Allen}, B.~T. and {Aune}, T. and {Berley}, D. and 
	{Casanova}, S. and {Chen}, C. and {Dingus}, B.~L. and {Ellsworth}, R.~W. and 
	{Fleysher}, L. and {Fleysher}, R. and {Gonzalez}, M.~M. and 
	{Goodman}, J.~A. and {Hoffman}, C.~M. and {Hopper}, B. and {H{\"u}ntemeyer}, P.~H. and 
	{Kolterman}, B.~E. and {Lansdell}, C.~P. and {Linnemann}, J.~T. and 
	{McEnery}, J.~E. and {Mincer}, A.~I. and {Nemethy}, P. and {Noyes}, D. and 
	{Pretz}, J. and {Ryan}, J.~M. and {Parkinson}, P.~M.~S. and 
	{Shoup}, A. and {Sinnis}, G. and {Smith}, A.~J. and {Sullivan}, G.~W. and 
	{Vasileiou}, V. and {Walker}, G.~P. and {Williams}, D.~A. and 
	{Yodh}, G.~B.},
    title = "{The Large-Scale Cosmic-Ray Anisotropy as Observed with Milagro}",
  journal = {\apj},
archivePrefix = "arXiv",
   eprint = {0806.2293},
 keywords = {cosmic rays, Galaxy: halo, ISM: magnetic fields, solar neighborhood, Sun: activity, supernova remnants},
     year = 2009,
    month = jun,
   volume = 698,
    pages = {2121-2130},
      doi = {10.1088/0004-637X/698/2/2121},
   adsurl = {http://adsabs.harvard.edu/abs/2009ApJ...698.2121A},
  adsnote = {Provided by the SAO/NASA Astrophysics Data System}
}

@ARTICLE{2011ApJ...740...16A,
   author = {{Abbasi}, R. and {Abdou}, Y. and {Abu-Zayyad}, T. and {Adams}, J. and 
	{Aguilar}, J.~A. and {Ahlers}, M. and {Altmann}, D. and {Andeen}, K. and 
	{Auffenberg}, J. and {Bai}, X. and et al.},
    title = "{Observation of Anisotropy in the Arrival Directions of Galactic Cosmic Rays at Multiple Angular Scales with IceCube}",
  journal = {\apj},
archivePrefix = "arXiv",
   eprint = {1105.2326},
 primaryClass = "astro-ph.HE",
 keywords = {astroparticle physics, cosmic rays},
     year = 2011,
    month = oct,
   volume = 740,
      eid = {16},
    pages = {16},
      doi = {10.1088/0004-637X/740/1/16},
   adsurl = {http://adsabs.harvard.edu/abs/2011ApJ...740...16A},
  adsnote = {Provided by the SAO/NASA Astrophysics Data System}
}
