@book{haberman87,
  added-at = {2015-09-11T11:56:28.000+0200},
  address = {Englewood Ciffs, N.J.},
  author = {Haberman, Richard},
  biburl = {https://www.bibsonomy.org/bibtex/25bcee1e39118b32ef623877c8f893d64/ytyoun},
  edition = {Second},
  interhash = {962c0dfd50818ef0eccbf568a9ef92f2},
  intrahash = {5bcee1e39118b32ef623877c8f893d64},
  isbn = {0132528754 9780132528757 0132528916 9780132528917},
  keywords = {differential fourier pde textbook},
  publisher = {Prentice-Hall},
  refid = {13796234},
  timestamp = {2015-11-04T12:16:06.000+0100},
  title = {Elementary Applied Partial Differential Equations: with {Fourier} Series and Boundary Value Problems},
  year = 1987
}

@book{george1991differential,
  title={Differential Equations with Applications and Historical Notes},
  author={George Finlay Simmons and Robertson, J.S.},
  isbn={9780071128070},
  lccn={90033686},
  series={International series in pure and applied mathematics},
  url={https://books.google.com/books?id=JVWPPQAACAAJ},
  year={1991},
  publisher={McGraw-Hill}
}

@book{simmons2016differential,
  title={Differential Equations with Applications and Historical Notes, Third Edition},
  author={Simmons, G.F.},
  isbn={9781498702591},
  series={Textbooks in Mathematics},
  url={https://books.google.com/books?id=Ac37oAEACAAJ},
  year={2016},
  publisher={Taylor \& Francis}
}

@book{Herman:1742872,
      author     = "Herman, Russell L",
      title          = "{A course in mathematical methods for physicists}",
      publisher = "CRC Press",
      address   = "Boca Raton, FL",
      year         = "2014",
      url            = "http://cds.cern.ch/record/1742872",
}