@book{greiner2003classical,
  title={Classical Mechanics: Point Particles and Relativity},
  author={Greiner, W.},
  isbn={9780387955865},
  lccn={2002030570},
  series={Classical Theoretical Physics},
  url={https://books.google.com.sg/books?id=L\_APSPGoI5sC},
  year={2003},
  publisher={Springer New York}
}

@book{wong1994introduction,
  title={Introduction to High-energy Heavy-ion Collisions},
  author={Wong, C.Y.},
  isbn={9789810202637},
  lccn={93028743},
  series={Introduction to High-energy Heavy-ion Collisions},
  url={https://books.google.com.sg/books?id=Fnxvrdj2NOQC},
  year={1994},
  publisher={World Scientific}
}

@book{cheuk1994introduction,
  title={Introduction To High-energy Heavy-ion Collisions},
  author={Cheuk-yin, W.},
  isbn={9789814506854},
  url={https://books.google.com.sg/books?id=2YsGCwAAQBAJ},
  year={1994},
  publisher={World Scientific Publishing Company}
}
