@BOOK{2010qftn.book.....Z,
   author = {{Zee}, A.},
    title = "{Quantum Field Theory in a Nutshell: Second Edition}",
booktitle = {Quantum Field Theory in a Nutshell: Second Edition by A.~Zee.~Princeton University Press, 2010.~ISBN: 978-1-4008-3532-4},
     year = 2010,
   adsurl = {http://adsabs.harvard.edu/abs/2010qftn.book.....Z},
  adsnote = {Provided by the SAO/NASA Astrophysics Data System}
}

@BOOK{2014qfts.book.....S,
   author = {{Schwartz}, M.~D.},
    title = "{Quantum Field Theory and the Standard Model}",
booktitle = {Quantum Field Theory and the Standard Model, by Matthew D.~Schwartz, Cambridge, UK: Cambridge University Press, 2014},
     year = 2014,
    month = mar,
   adsurl = {http://adsabs.harvard.edu/abs/2014qfts.book.....S},
  adsnote = {Provided by the SAO/NASA Astrophysics Data System}
}

@BOOK{1995qtf..book.....W,
   author = {{Weinberg}, S.},
    title = "{The Quantum Theory of Fields}",
booktitle = {The Quantum Theory of Fields, by Steven Weinberg, pp.~635.~ISBN 0521550017.~Cambridge, UK: Cambridge University Press, June 1995.},
     year = 1995,
    month = jun,
    pages = {635},
   adsurl = {http://adsabs.harvard.edu/abs/1995qtf..book.....W},
  adsnote = {Provided by the SAO/NASA Astrophysics Data System}
}