@book{demaree2016git,
  title={Git for Humans},
  author={Demaree, D.},
  isbn={9781937557386},
  series={Book Apart : brief books for people who make web sites},
  url={https://books.google.com.sg/books?id=LWXdjwEACAAJ},
  year={2016},
  publisher={A Book Apart}
}

@book{narÄ™bski2016mastering,
  title={Mastering Git: Attain Expert-level Proficiency with Git for Enhanced Productivity and Efficient Collaboration by Mastering Advanced Distributed Version Control Features},
  author={Nar{\k{e}}bski, J.},
  isbn={9781783553754},
  series={Community experience distilled},
  url={https://books.google.com.sg/books?id=Dbr9jwEACAAJ},
  year={2016},
  publisher={Packt Publishing}
}

@book{umali2015learn,
  title={Learn Git in a Month of Lunches},
  author={Umali, R.},
  isbn={9781617292415},
  lccn={2015514358},
  url={https://books.google.com.sg/books?id=L98rrgEACAAJ},
  year={2015},
  publisher={Manning Publications Company}
}

@book{pidoux2014git,
  title={Git Best Practices Guide},
  author={Pidoux, E.},
  isbn={9781783553747},
  series={Community experience distilled},
  url={https://books.google.com.sg/books?id=FoGOBQAAQBAJ},
  year={2014},
  publisher={Packt Publishing}
}

@book{santacroce2017git,
  title={Git Essentials: Create, merge, and distribute code with Git, the most powerful and flexible versioning system available},
  author={Santacroce, F.},
  isbn={9781787283176},
  url={https://books.google.com.sg/books?id=GEBPDwAAQBAJ},
  year={2017},
  publisher={Packt Publishing}
}

@book{daityari2015jump,
  title={Jump Start Git: Take Control of Your Code and Assets},
  author={Daityari, S.},
  isbn={9781457192982},
  url={https://books.google.com.sg/books?id=uRp5CgAAQBAJ},
  year={2015},
  publisher={SitePoint}
}

@book{laster2016professional,
  title={Professional Git},
  author={Laster, B.},
  isbn={9781119284970},
  series={Wrox programmer to programmer},
  url={https://books.google.com.sg/books?id=\_FB4DQAAQBAJ},
  year={2016},
  publisher={Wiley}
}

