@ARTICLE{1996PhyU...39..155G,
   author = {{Ginzburg}, V.~L.},
    title = "{METHODOLOGICAL NOTES:  Cosmic ray astrophysics (history and general review)}",
  journal = {Physics Uspekhi},
     year = 1996,
    month = feb,
   volume = 39,
    pages = {155-168},
      doi = {10.1070/PU1996v039n02ABEH000132},
   adsurl = {http://adsabs.harvard.edu/abs/1996PhyU...39..155G},
  adsnote = {Provided by the SAO/NASA Astrophysics Data System}
}

@book{1959场论,
  title={场论},
  url={https://books.google.com/books?id=zIF8tgAACAAJ},
  year={1959},
  publisher={高等教育出版社}
}
