@book{2013热力学,
  author ={汪志诚}, 
  title={热力学{\textperiodcentered}统计物理},
  isbn={9787040351729},
  series={《十二五》普通高等教育本科国家级规划教材},
  url={https://books.google.co.jp/books?id=5dzioAEACAAJ},
  year={2013},
  publisher={高等教育出版社}
}

@book{2007热力学与统计物理学,
  author ={林宗涵},
  title={热力学与统计物理学},
  isbn={9787301106549},
  series={北京大学物理学丛书},
  url={https://books.google.co.jp/books?id=Bsj2GAAACAAJ},
  year={2007},
  publisher={北京大学出版社}
}

@BOOK{wangzhuxi1965,
  author ={王竹溪},
  title="{统计物理学导论}",
  booktitle = {统计物理学导论},
  url={https://books.google.co.jp/books?id=a3ZkOQAACAAJ},
  year={1965},
  publisher={高等教育出版社}
}

@book{kittel1958elementary,
  title={Elementary statistical physics},
  author={Kittel, C.},
  lccn={58012495},
  url={https://books.google.co.jp/books?id=mfxQAAAAMAAJ},
  year={1958},
  publisher={Wiley}
}

@BOOK{2015arel.book.....H,
   author = {{Horowitz}, P. and {Hill}, W.},
    title = "{The Art of Electronics}",
booktitle = {The Art of Electronics, by Paul Horowitz , Winfield Hill, Cambridge, UK: Cambridge University Press, 2015},
     year = 2015,
    month = apr,
   adsurl = {http://adsabs.harvard.edu/abs/2015arel.book.....H},
  adsnote = {Provided by the SAO/NASA Astrophysics Data System}
}

@book{thorne2017modern,
  title={Modern Classical Physics: Optics, Fluids, Plasmas, Elasticity, Relativity, and Statistical Physics},
  author={Thorne, K.S. and Blandford, R.D.},
  isbn={9780691159027},
  lccn={2014028150},
  url={https://books.google.co.jp/books?id=bEVHmwEACAAJ},
  year={2017},
  publisher={Princeton University Press}
}

@book{pathria1996statistical,
  title={Statistical Mechanics},
  author={Pathria, R.K. and Beale, P.D.},
  isbn={9780080541716},
  url={https://books.google.co.jp/books?id=PIk9sF9j2oUC},
  year={1996},
  publisher={Elsevier Science}
}