@book{GVK330306553,
  added-at = {2009-08-21T11:34:36.000+0200},
  address = {Upper Saddle River, NJ},
  author = {Ross, {Sheldon M.}},
  biburl = {http://www.bibsonomy.org/bibtex/26aa229178c5bc188556232b7aa0797d8/fbw_hannover},
  edition = {6. ed},
  interhash = {409a83db0ca0b69a032e9286f5dfb832},
  intrahash = {6aa229178c5bc188556232b7aa0797d8},
  isbn = {0131218026},
  keywords = {Probabilities Wahrscheinlichkeitsrechnung Wahrscheinlichkeitstheorie},
  pagetotal = {VIII, 520},
  ppn_gvk = {330306553},
  publisher = {Prentice Hall},
  timestamp = {2009-08-21T11:34:37.000+0200},
  title = {A First course in probability},
  url = {http://gso.gbv.de/DB=2.1/CMD?ACT=SRCHA&SRT=YOP&IKT=1016&TRM=ppn+330306553&sourceid=fbw_bibsonomy},
  year = 2002
}

@BOOK{2010rdm..book.....K,
   author = {{Knoll}, G.~F.},
    title = "{Radiation detection and measurement}",
booktitle = {Radiation detection and measurement.~4th ed.~New York, NY: Wiley, 2010.~xiv, 857 p.~ISBN 9780470131480},
     year = 2010,
   adsurl = {http://adsabs.harvard.edu/abs/2000rdm..book.....K},
  adsnote = {Provided by the SAO/NASA Astrophysics Data System}
}

@book{浙大概率论与数理统计,
  author = {{盛骤} {谢式千} {潘承毅}},
  title={概率论与数理统计},
  isbn={9787040238969},
  year={2008},
  publisher={高等教育出版社}
}