@BOOK{1986qmv1.book.....C,
   author = {{Cohen-Tannoudji}, C. and {Diu}, B. and {Laloe}, F.},
    title = "{Quantum Mechanics, Volume 1}",
booktitle = {Quantum Mechanics, Volume 1, by Claude Cohen-Tannoudji, Bernard Diu, Frank Laloe, pp.~898.~ISBN 0-471-16433-X.~Wiley-VCH , June 1986.},
     year = 1986,
    month = jun,
    pages = {898},
   adsurl = {http://adsabs.harvard.edu/abs/1986qmv1.book.....C},
  adsnote = {Provided by the SAO/NASA Astrophysics Data System}
}

@book{griffiths2014introduction,
  title={Introduction to Quantum Mechanics},
  author={Griffiths, D.J.},
  isbn={9781292024080},
  series={Pearson international edition},
  url={https://books.google.co.jp/books?id=6xkLngEACAAJ},
  year={2014},
  publisher={Pearson Prentice Hall}
}

@BOOK{2015lqm..book.....W,
   author = {{Weinberg}, S.},
    title = "{Lectures on Quantum Mechanics}",
booktitle = {Lectures on Quantum Mechanics, by Steven Weinberg, Cambridge, UK: Cambridge University Press, 2015},
     year = 2015,
    month = sep,
   adsurl = {http://adsabs.harvard.edu/abs/2015lqm..book.....W},
  adsnote = {Provided by the SAO/NASA Astrophysics Data System}
}

@book{binney2013physics,
  title={The Physics of Quantum Mechanics},
  author={Binney, J. and Skinner, D.},
  isbn={9780199688579},
  lccn={2013940021},
  url={https://books.google.com.sg/books?id=8d51AQAAQBAJ},
  year={2013},
  publisher={OUP Oxford}
}

@book{2000greiner,
  title={Quantum Mechanics: An Introduction},
  author={Greiner, W.},
  isbn={9783540674580},
  lccn={00046345},
  series={Physics and Astronomy},
  url={https://books.google.com.hk/books?id=7qCMUfwoQcAC},
  year={2000},
  publisher={Springer Berlin Heidelberg}
}

@book{greiner1994quantum,
  title={Quantum Mechanics: Symmetries},
  author={Greiner, W. and M{\"u}ller, B.},
  isbn={9783540580805},
  lccn={94028230},
  series={Classical theoretical physics},
  url={https://books.google.com.sg/books?id=aAFBAQAAIAAJ},
  year={1994},
  publisher={Springer-Verlag}
}

@book{1980量子力学,
  title={量子力学/: 非相对论理论},
  url={https://books.google.com/books?id=WzPAoQEACAAJ},
  year={1980},
  publisher={人民教育出版社}
}

