@ARTICLE{2009A&A...497...17V,
   author = {{Vannoni}, G. and {Gabici}, S. and {Aharonian}, F.~A.},
    title = "{Diffusive shock acceleration in radiation-dominated environments}",
  journal = {\aap},
archivePrefix = "arXiv",
   eprint = {0803.1138},
 keywords = {shock waves, radiation mechanisms: non-thermal},
     year = 2009,
    month = apr,
   volume = 497,
    pages = {17-26},
      doi = {10.1051/0004-6361/200809744},
   adsurl = {http://adsabs.harvard.edu/abs/2009A%26A...497...17V},
  adsnote = {Provided by the SAO/NASA Astrophysics Data System}
}

@ARTICLE{1968PhRv..167.1159J,
   author = {{Jones}, F.~C.},
    title = "{Calculated Spectrum of Inverse-Compton-Scattered Photons}",
  journal = {Physical Review},
     year = 1968,
    month = mar,
   volume = 167,
    pages = {1159-1169},
      doi = {10.1103/PhysRev.167.1159},
   adsurl = {http://adsabs.harvard.edu/abs/1968PhRv..167.1159J},
  adsnote = {Provided by the SAO/NASA Astrophysics Data System}
}

@ARTICLE{1970RvMP...42..237B,
   author = {{Blumenthal}, G.~R. and {Gould}, R.~J.},
    title = "{Bremsstrahlung, Synchrotron Radiation, and Compton Scattering of High-Energy Electrons Traversing Dilute Gases}",
  journal = {Reviews of Modern Physics},
     year = 1970,
   volume = 42,
    pages = {237-271},
      doi = {10.1103/RevModPhys.42.237},
   adsurl = {http://adsabs.harvard.edu/abs/1970RvMP...42..237B},
  adsnote = {Provided by the SAO/NASA Astrophysics Data System}
}

@BOOK{2011hea..book.....L,
   author = {{Longair}, M.~S.},
    title = "{High Energy Astrophysics}",
booktitle = {High Energy Astrophysics, by Malcolm S.~Longair, Cambridge, UK: Cambridge University Press, 2011},
     year = 2011,
    month = feb,
   adsurl = {http://adsabs.harvard.edu/abs/2011hea..book.....L},
  adsnote = {Provided by the SAO/NASA Astrophysics Data System}
}

@BOOK{2012agn..book.....B,
   author = {{Beckmann}, V. and {Shrader}, C.~R.},
    title = "{Active Galactic Nuclei}",
booktitle = {Active Galactic Nuclei, ISBN-13: 978-3527410781.~350 pages.~Wiley-VCH Verlag GmbH, 2012},
     year = 2012,
    month = aug,
   adsurl = {http://adsabs.harvard.edu/abs/2012agn..book.....B},
  adsnote = {Provided by the SAO/NASA Astrophysics Data System}
}

@PROCEEDINGS{2013LNP...873.....G,
    title = "{Radiative Processes in High Energy Astrophysics}",
 keywords = {Physics},
booktitle = {Lecture Notes in Physics, Berlin Springer Verlag},
     year = 2013,
   series = {Lecture Notes in Physics, Berlin Springer Verlag},
   volume = 873,
archivePrefix = "arXiv",
   eprint = {1202.5949},
 primaryClass = "astro-ph.HE",
   editor = {{Ghisellini}, G.},
      doi = {10.1007/978-3-319-00612-3},
   adsurl = {http://adsabs.harvard.edu/abs/2013LNP...873.....G},
  adsnote = {Provided by the SAO/NASA Astrophysics Data System}
}

@BOOK{1979rpa..book.....R,
   author = {{Rybicki}, G.~B. and {Lightman}, A.~P.},
    title = "{Radiative processes in astrophysics}",
 keywords = {Astrophysics, Radiative Transfer, Atomic Structure, Bremsstrahlung, Compton Effect, Covariance, Kinematics, Molecular Structure, Plasma Radiation, Radiation Distribution, Relativistic Effects, Synchrotron Radiation},
booktitle = {New York, Wiley-Interscience, 1979.~393 p.},
     year = 1979,
   adsurl = {http://adsabs.harvard.edu/abs/1979rpa..book.....R},
  adsnote = {Provided by the SAO/NASA Astrophysics Data System}
}

