@BOOK{2009fcgr.book.....S,
   author = {{Schutz}, B.},
    title = "{A First Course in General Relativity}",
booktitle = {A First Course in General Relativity by Bernard Schutz.~Cambridge University Press, 2009.~ISBN: 9780521887052},
     year = 2009,
    month = may,
   adsurl = {http://adsabs.harvard.edu/abs/2009fcgr.book.....S},
  adsnote = {Provided by the SAO/NASA Astrophysics Data System}
}
