@BOOK{2008cmb..book.....D,
   author = {{Durrer}, R.},
    title = "{The Cosmic Microwave Background}",
booktitle = {The Cosmic Microwave Background, by Ruth Durrer.~ISBN 978-0-521-84704-9 (HB).~Published by Cambridge University Press, Cambridge, UK, 2008.},
     year = 2008,
    month = aug,
publisher = {Cambridge University Press},
   adsurl = {http://adsabs.harvard.edu/abs/2008cmb..book.....D},
  adsnote = {Provided by the SAO/NASA Astrophysics Data System}
}