@BOOK{1996bspp.book.....B,
   author = {{Baumjohann}, W. and {Treumann}, R.~A.},
    title = "{Basic space plasma physics}",
 keywords = {PLASMA PHYSICS, MAGNETOHYDRODYNAMICS, KINEMATICS, RADIATIVE TRANSFER},
booktitle = {London: Imperial College Press, |c1996},
     year = 1996,
      doi = {10.1142/p015},
   adsurl = {http://adsabs.harvard.edu/abs/1996bspp.book.....B},
  adsnote = {Provided by the SAO/NASA Astrophysics Data System}
}

@BOOK{2015bps..book.....C,
   author = {{Chiuderi}, C. and {Velli}, M.},
    title = "{Basics of Plasma Astrophysics}",
booktitle = {Basics of Plasma Astrophysics, by C.~Chiuderi and M.~Velli.~ISBN 978-88-470-5279-6.~Berlin: Springer-Verlag, 2015},
     year = 2015,
   adsurl = {http://adsabs.harvard.edu/abs/2015bps..book.....C},
  adsnote = {Provided by the SAO/NASA Astrophysics Data System}
}

@PROCEEDINGS{2012ASSL..391.....S,
    title = "{Plasma Astrophysics, Part I}",
 keywords = {Physics},
booktitle = {Astrophysics and Space Science Library},
     year = 2012,
   series = {Astrophysics and Space Science Library},
   volume = 391,
   editor = {{Somov}, B.~V.},
      doi = {10.1007/978-1-4614-4283-7},
   adsurl = {http://adsabs.harvard.edu/abs/2012ASSL..391.....S},
  adsnote = {Provided by the SAO/NASA Astrophysics Data System}
}

@PROCEEDINGS{2013ASSL..392.....S,
    title = "{Plasma Astrophysics, Part II}",
 keywords = {Physics},
booktitle = {Astrophysics and Space Science Library},
     year = 2013,
   series = {Astrophysics and Space Science Library},
   volume = 392,
   editor = {{Somov}, B.~V.},
      doi = {10.1007/978-1-4614-4295-0},
   adsurl = {http://adsabs.harvard.edu/abs/2013ASSL..392.....S},
  adsnote = {Provided by the SAO/NASA Astrophysics Data System}
}
