@ARTICLE{2014Russell,
   author = {{Herman} L. Russell},
    title = "{A Course in Mathematical Methods for Physicists}",
    booktitle = {CRC Press, Taylor & Francis Group}
     year = 2014,
    month = aug,
    pages = {765},
      doi = {},
   adsnote = {Provided by the SAO/NASA Astrophysics Data System}
}

@book{2007理论物理学教程,
  title={理论物理学教程/第一卷/力学: },
  isbn={9787040208498},
  url={https://books.google.co.jp/books?id=J\_fsHgAACAAJ},
  year={2007},
  publisher={高等教育出版社}
}

@book{Thornton,
Author = "Stephen Thornton and Jerry Marion", 
Title = {Classical Dynamics of Particles and Systems}, 
Edition = {5th Edition}, 
Year = {2004} 
}

@BOOK{2003cmsp.book.....G,
   author = {{Greiner}, W.},
    title = "{Classical mechanics: systems of particles and Hamiltonian dynamics}",
booktitle = {Classical mechanics: systems of particles and Hamiltonian dynamics/ Walter Greiner, foreword by D.~Allan Bromley.~New York: Springer, c2003.~Classical theoretical physics},
     year = 2003,
   adsurl = {http://adsabs.harvard.edu/abs/2003cmsp.book.....G},
  adsnote = {Provided by the SAO/NASA Astrophysics Data System}
}

@book{greiner2009classical,
  title={Classical Mechanics: Systems of Particles and Hamiltonian Dynamics},
  author={Greiner, W.},
  isbn={9783642034343},
  lccn={2009940125},
  series={Classical theoretical physics},
  url={https://books.google.co.jp/books?id=NAo7yv7Jmq0C},
  year={2009},
  publisher={Springer Berlin Heidelberg}
}

@book{benacquista2018classical,
  title={Classical Mechanics},
  author={Benacquista, M.J. and Romano, J.D.},
  isbn={9783319687803},
  series={Undergraduate Lecture Notes in Physics},
  url={https://books.google.com.ph/books?id=l2BODwAAQBAJ},
  year={2018},
  publisher={Springer International Publishing}
}

