@ARTICLE{2015PhR...561....1K,
   author = {{Kumar}, P. and {Zhang}, B.},
    title = "{The physics of gamma-ray bursts {\&} relativistic jets}",
  journal = {\physrep},
archivePrefix = "arXiv",
   eprint = {1410.0679},
 primaryClass = "astro-ph.HE",
     year = 2015,
    month = feb,
   volume = 561,
    pages = {1-109},
      doi = {10.1016/j.physrep.2014.09.008},
   adsurl = {http://adsabs.harvard.edu/abs/2015PhR...561....1K},
  adsnote = {Provided by the SAO/NASA Astrophysics Data System}
}

@ARTICLE{2004RvMP...76.1143P,
   author = {{Piran}, T.},
    title = "{The physics of gamma-ray bursts}",
  journal = {Reviews of Modern Physics},
   eprint = {astro-ph/0405503},
     year = 2004,
    month = oct,
   volume = 76,
    pages = {1143-1210},
      doi = {10.1103/RevModPhys.76.1143},
   adsurl = {http://adsabs.harvard.edu/abs/2004RvMP...76.1143P},
  adsnote = {Provided by the SAO/NASA Astrophysics Data System}
}

@ARTICLE{2014IJMPD..2330002Z,
   author = {{Zhang}, B.},
    title = "{Gamma-Ray Burst Prompt Emission}",
  journal = {International Journal of Modern Physics D},
archivePrefix = "arXiv",
   eprint = {1402.7022},
 primaryClass = "astro-ph.HE",
 keywords = {Gamma ray bursts, radiation mechanisms, gamma-ray sources, gamma-ray bursts, Radiation mechanisms, polarization},
     year = 2014,
    month = dec,
   volume = 23,
      eid = {1430002},
    pages = {1430002},
      doi = {10.1142/S021827181430002X},
   adsurl = {http://adsabs.harvard.edu/abs/2014IJMPD..2330002Z},
  adsnote = {Provided by the SAO/NASA Astrophysics Data System}
}

@ARTICLE{2007PhR...442..166N,
   author = {{Nakar}, E.},
    title = "{Short-hard gamma-ray bursts}",
  journal = {\physrep},
   eprint = {astro-ph/0701748},
     year = 2007,
    month = apr,
   volume = 442,
    pages = {166-236},
      doi = {10.1016/j.physrep.2007.02.005},
   adsurl = {http://adsabs.harvard.edu/abs/2007PhR...442..166N},
  adsnote = {Provided by the SAO/NASA Astrophysics Data System}
}

@ARTICLE{2007AdSpR..40.1224N,
   author = {{Nakar}, E.},
    title = "{Some theoretical implications of short-hard gamma-ray burst observations}",
  journal = {Advances in Space Research},
   eprint = {astro-ph/0703129},
     year = 2007,
   volume = 40,
    pages = {1224-1228},
      doi = {10.1016/j.asr.2006.12.038},
   adsurl = {http://adsabs.harvard.edu/abs/2007AdSpR..40.1224N},
  adsnote = {Provided by the SAO/NASA Astrophysics Data System}
}

@book{harwit2006astrophysical,
  title={Astrophysical Concepts},
  author={Harwit, M.},
  isbn={9780387329437},
  series={Astronomy and Astrophysics Library},
  year={2006},
  publisher={Springer New York}
}

@book{weekes2003very,
  title={Very High Energy Gamma-Ray Astronomy},
  author={Weekes, T.C.},
  isbn={9781420033199},
  series={Series in Astronomy and Astrophysics},
  url={https://books.google.com.sg/books?id=eHIMGIVn24kC},
  year={2003},
  publisher={CRC Press}
}

@book{courvoisier2012high,
  title={High Energy Astrophysics: An Introduction},
  author={Courvoisier, T.J.L.},
  isbn={9783642309694},
  lccn={2012948762},
  series={Astronomy and Astrophysics Library},
  url={https://books.google.com.sg/books?id=DC23ll2fZUoC},
  year={2012},
  publisher={Springer Berlin Heidelberg}
}
