@book{lay2015linear,
  title={Linear Algebra and Its Applications},
  author={Lay, D.C. and Lay, S.R. and McDonald, J.J.},
  isbn={9780134013473},
  url={https://books.google.com/books?id=bM6gBwAAQBAJ},
  year={2015},
  publisher={Pearson Education}
}
