@BOOK{2010rdm..book.....K,
   author = {{Knoll}, G.~F.},
    title = "{Radiation detection and measurement}",
booktitle = {Radiation detection and measurement.~4th ed.~New York, NY: Wiley, 2010.~xiv, 857 p.~ISBN 9780470131480},
     year = 2010,
   adsurl = {http://adsabs.harvard.edu/abs/2000rdm..book.....K},
  adsnote = {Provided by the SAO/NASA Astrophysics Data System}
}

@book{浙大概率论与数理统计,
  author = {{盛骤} {谢式千} {潘承毅}},
  title={概率论与数理统计},
  isbn={9787040238969},
  year={2008},
  publisher={高等教育出版社}
}

@book{1980实验的数学处理,
  author = {{李惕培}},
  title={实验的数学处理},
  lccn={81211550},
  series={实验物理学丛书},
  url={https://books.google.com.hk/books?id=V8DKHAAACAAJ},
  year={1980},
  publisher={科学出版社}
}

@book{2006实验物理中的概率和统计,
  title={实验物理中的概率和统计},
  isbn={9787030169860},
  series={现代物理基础丛书},
  url={https://books.google.com.hk/books?id=yumdAAAACAAJ},
  year={2006},
  publisher={科学出版社}
}