@BOOK{2005mmp..book.....A,
   author = {{Arfken}, G.~B. and {Weber}, H.~J.},
    title = "{Mathematical methods for physicists 6th ed.}",
booktitle = {``Mathematical methods for physicists 6th ed.by George B.~Arfken and Hans J.~Weber.~Published :Amsterdam; Boston : Elsevier, c2005.~xii, 1182 p.~: ill.~; 25 cm.~ Includes bibliographical references and index.~ISBN :},
     year = 2005,
   adsurl = {http://adsabs.harvard.edu/abs/2005mmp..book.....A},
  adsnote = {Provided by the SAO/NASA Astrophysics Data System}
}

@book{arfken,
    author = {Arfken, George B. and Weber, Hans J.},
    citeulike-article-id = {10562201},
    citeulike-linkout-0 = {http://www.amazon.ca/exec/obidos/redirect?tag=citeulike09-20\&amp;path=ASIN/0123846544},
    citeulike-linkout-1 = {http://www.amazon.de/exec/obidos/redirect?tag=citeulike01-21\&amp;path=ASIN/0123846544},
    citeulike-linkout-2 = {http://www.amazon.fr/exec/obidos/redirect?tag=citeulike06-21\&amp;path=ASIN/0123846544},
    citeulike-linkout-3 = {http://www.amazon.jp/exec/obidos/ASIN/0123846544},
    citeulike-linkout-4 = {http://www.amazon.co.uk/exec/obidos/ASIN/0123846544/citeulike00-21},
    citeulike-linkout-5 = {http://www.amazon.com/exec/obidos/redirect?tag=citeulike07-20\&path=ASIN/0123846544},
    citeulike-linkout-6 = {http://www.worldcat.org/isbn/0123846544},
    citeulike-linkout-7 = {http://books.google.com/books?vid=ISBN0123846544},
    citeulike-linkout-8 = {http://www.amazon.com/gp/search?keywords=0123846544\&index=books\&linkCode=qs},
    citeulike-linkout-9 = {http://www.librarything.com/isbn/0123846544},
    day = {31},
    edition = {7},
    howpublished = {Hardcover},
    isbn = {0123846544},
    keywords = {arfken, book},
    month = jan,
    posted-at = {2012-04-13 16:04:21},
    priority = {2},
    publisher = {Academic Press},
    title = {{Mathematical Methods for Physicists, Seventh Edition: A Comprehensive Guide}},
    url = {http://www.amazon.com/exec/obidos/redirect?tag=citeulike07-20\&path=ASIN/0123846544},
    year = {2012}
}

@book{haberman87,
  added-at = {2015-09-11T11:56:28.000+0200},
  address = {Englewood Ciffs, N.J.},
  author = {Haberman, Richard},
  biburl = {https://www.bibsonomy.org/bibtex/25bcee1e39118b32ef623877c8f893d64/ytyoun},
  edition = {Second},
  interhash = {962c0dfd50818ef0eccbf568a9ef92f2},
  intrahash = {5bcee1e39118b32ef623877c8f893d64},
  isbn = {0132528754 9780132528757 0132528916 9780132528917},
  keywords = {differential fourier pde textbook},
  publisher = {Prentice-Hall},
  refid = {13796234},
  timestamp = {2015-11-04T12:16:06.000+0100},
  title = {Elementary Applied Partial Differential Equations: with {Fourier} Series and Boundary Value Problems},
  year = 1987
}

@book{george1991differential,
  title={Differential Equations with Applications and Historical Notes},
  author={George Finlay Simmons and Robertson, J.S.},
  isbn={9780071128070},
  lccn={90033686},
  series={International series in pure and applied mathematics},
  url={https://books.google.com/books?id=JVWPPQAACAAJ},
  year={1991},
  publisher={McGraw-Hill}
}

@book{simmons2016differential,
  title={Differential Equations with Applications and Historical Notes, Third Edition},
  author={Simmons, G.F.},
  isbn={9781498702591},
  series={Textbooks in Mathematics},
  url={https://books.google.com/books?id=Ac37oAEACAAJ},
  year={2016},
  publisher={Taylor \& Francis}
}

@book{Herman:1742872,
      author     = "Herman, Russell L",
      title          = "{A course in mathematical methods for physicists}",
      publisher = "CRC Press",
      address   = "Boca Raton, FL",
      year         = "2014",
      url            = "http://cds.cern.ch/record/1742872",
}

@book{pinchover2005introduction,
  title={An Introduction to Partial Differential Equations},
  author={Pinchover, Y. and Rubinstein, J.},
  number={v. 10},
  isbn={9780521848862},
  lccn={2005047096},
  series={An introduction to partial differential equations},
  url={https://books.google.co.jp/books?id=CnvDS9twvUMC},
  year={2005},
  publisher={Cambridge University Press}
}

@book{haberman2013applied,
  title={Applied Partial Differential Equations: With Fourier Series and Boundary Value Problems},
  author={Haberman, R.},
  isbn={9780321797056},
  lccn={2012013033},
  series={Featured Titles for Partial Differential Equations},
  url={https://books.google.co.jp/books?id=hGNwLgEACAAJ},
  year={2013},
  publisher={PEARSON}
}

