@BOOK{2001imhd.book.....D,
   author = {{Davidson}, P.~A.},
    title = "{An introduction to magnetohydrodynamics}",
 keywords = {MAGNETOHYDRODYNAMICS},
booktitle = {An introduction to magnetohydrodynamics, Cambridge, UK: Cambridge University Press, 2001 xviii, 431 p.~Cambridge texts in applied mathematics, ISBN 0521791499},
     year = 2001,
   adsurl = {http://adsabs.harvard.edu/abs/2001imhd.book.....D},
  adsnote = {Provided by the SAO/NASA Astrophysics Data System}
}