@book{2007理论物理学教程,
  title={理论物理学教程/第一卷/力学: },
  isbn={9787040208498},
  url={https://books.google.co.jp/books?id=J\_fsHgAACAAJ},
  year={2007},
  publisher={高等教育出版社}
}

@book{Thornton,
Author = "Stephen Thornton and Jerry Marion", 
Title = {Classical Dynamics of Particles and Systems}, 
Edition = {5th Edition}, 
Year = {2004} 
}

@BOOK{2003cmsp.book.....G,
   author = {{Greiner}, W.},
    title = "{Classical mechanics: systems of particles and Hamiltonian dynamics}",
booktitle = {Classical mechanics: systems of particles and Hamiltonian dynamics/ Walter Greiner, foreword by D.~Allan Bromley.~New York: Springer, c2003.~Classical theoretical physics},
     year = 2003,
   adsurl = {http://adsabs.harvard.edu/abs/2003cmsp.book.....G},
  adsnote = {Provided by the SAO/NASA Astrophysics Data System}
}

@book{greiner2009classical,
  title={Classical Mechanics: Systems of Particles and Hamiltonian Dynamics},
  author={Greiner, W.},
  isbn={9783642034343},
  lccn={2009940125},
  series={Classical theoretical physics},
  url={https://books.google.co.jp/books?id=NAo7yv7Jmq0C},
  year={2009},
  publisher={Springer Berlin Heidelberg}
}

@book{morin2008introduction,
  title={Introduction to Classical Mechanics: With Problems and Solutions},
  author={Morin, D.},
  isbn={9781139468374},
  url={https://books.google.com.ph/books?id=Ni6CD7K2X4MC},
  year={2008},
  publisher={Cambridge University Press}
}

@book{morin2014problems,
  title={Problems and Solutions in Introductory Mechanics},
  author={Morin, D.J.},
  isbn={9781482086928},
  url={https://books.google.com.ph/books?id=Ry3PoQEACAAJ},
  year={2014},
  publisher={David Morin}
}
