@book{2010宇宙大尺度结构的形成,
  title={宇宙大尺度结构的形成},
  isbn={9787504655608},
  lccn={2011441529},
  series={中国科学院国家天文台天体物理丛书},
  url={https://books.google.com/books?id=4CANcgAACAAJ},
  year={2010},
  publisher={中国科学技术出版社}
}

@book{2012宇宙大尺度结构的形成,
  title={宇宙大尺度结构的形成},
  isbn={9787504661234},
  series={中国科学院国家天文台: 天文学系列},
  url={https://books.google.com/books?id=3dWVoAEACAAJ},
  year={2012},
  publisher={中国科学技术出版社}
}

@BOOK{2008cmb..book.....D,
   author = {{Durrer}, R.},
    title = "{The Cosmic Microwave Background}",
booktitle = {The Cosmic Microwave Background, by Ruth Durrer.~ISBN 978-0-521-84704-9 (HB).~Published by Cambridge University Press, Cambridge, UK, 2008.},
     year = 2008,
    month = aug,
publisher = {Cambridge University Press},
   adsurl = {http://adsabs.harvard.edu/abs/2008cmb..book.....D},
  adsnote = {Provided by the SAO/NASA Astrophysics Data System}
}

@BOOK{2010gfe..book.....M,
   author = {{Mo}, H. and {van den Bosch}, F.~C. and {White}, S.},
    title = "{Galaxy Formation and Evolution}",
booktitle = {Galaxy Formation and Evolution, by Houjun Mo , Frank van den Bosch , Simon White, Cambridge, UK: Cambridge University Press, 2010},
     year = 2010,
    month = may,
   adsurl = {http://adsabs.harvard.edu/abs/2010gfe..book.....M},
  adsnote = {Provided by the SAO/NASA Astrophysics Data System}
}

@BOOK{2008ppcm.book.....G,
   author = {{Giovannini}, M.},
    title = "{A Primer on the Physics of the Cosmic Microwave Background}",
booktitle = {A Primer on the Physics of the Cosmic Microwave Background, by Massimo Giovannini.~ISBN 978-981-279-142-9.~Published by World Scientific Publishing Co., Pte.~Ltd., Singapore, 2008.},
     year = 2008,
    month = mar,
publisher = {World Scientific Publishing Co},
      doi = {10.1142/6730},
   adsurl = {http://adsabs.harvard.edu/abs/2008ppcm.book.....G},
  adsnote = {Provided by the SAO/NASA Astrophysics Data System}
}

@BOOK{2003moco.book.....D,
   author = {{Dodelson}, S.},
    title = "{Modern cosmology}",
 keywords = {Cosmology},
booktitle = {Modern cosmology / Scott Dodelson.~Amsterdam (Netherlands): Academic Press.~ISBN 0-12-219141-2, 2003, XIII + 440 p.},
     year = 2003,
   adsurl = {http://adsabs.harvard.edu/abs/2003moco.book.....D},
  adsnote = {Provided by the SAO/NASA Astrophysics Data System}
}

@BOOK{2008cosm.book.....W,
   author = {{Weinberg}, S.},
    title = "{Cosmology}",
booktitle = {Cosmology, by Steven Weinberg.~ISBN 978-0-19-852682-7.~Published by Oxford University Press, Oxford, UK, 2008.},
     year = 2008,
publisher = {Oxford University Press},
   adsurl = {http://adsabs.harvard.edu/abs/2008cosm.book.....W},
  adsnote = {Provided by the SAO/NASA Astrophysics Data System}
}

@book{ryden2016introduction,
  title={Introduction to Cosmology},
  author={Ryden, B.},
  isbn={9781107154834},
  lccn={2016040124},
  url={https://books.google.com/books?id=07WSDQAAQBAJ},
  year={2016},
  publisher={Cambridge University Press}
}

@book{perkins2008particle,
  title={Particle Astrophysics, Second Edition},
  author={Perkins, D.H.},
  isbn={9780199545452},
  lccn={2003273442},
  series={Oxford Master Series in Physics},
  url={https://books.google.com/books?id=fBNzZF7kLz4C},
  year={2008},
  publisher={OUP Oxford}
}

@book{cheng2005relativity,
  title={Relativity, Gravitation and Cosmology: A Basic Introduction},
  author={Cheng, T.P.},
  isbn={9780198529576},
  lccn={2004019733},
  series={Oxford Master Series in Physics},
  url={https://books.google.com/books?id=zsAiTl5hTLMC},
  year={2005},
  publisher={OUP Oxford}
}

@ARTICLE{2000PhR...333..245G,
   author = {{Gawiser}, E. and {Silk}, J.},
    title = "{The cosmic microwave background radiation}",
  journal = {\physrep},
   eprint = {astro-ph/0002044},
     year = 2000,
    month = aug,
   volume = 333,
    pages = {245-267},
      doi = {10.1016/S0370-1573(00)00025-9},
   adsurl = {http://adsabs.harvard.edu/abs/2000PhR...333..245G},
  adsnote = {Provided by the SAO/NASA Astrophysics Data System}
}


