@ARTICLE{2009A&A...497...17V,
   author = {{Vannoni}, G. and {Gabici}, S. and {Aharonian}, F.~A.},
    title = "{Diffusive shock acceleration in radiation-dominated environments}",
  journal = {\aap},
archivePrefix = "arXiv",
   eprint = {0803.1138},
 keywords = {shock waves, radiation mechanisms: non-thermal},
     year = 2009,
    month = apr,
   volume = 497,
    pages = {17-26},
      doi = {10.1051/0004-6361/200809744},
   adsurl = {http://adsabs.harvard.edu/abs/2009A%26A...497...17V},
  adsnote = {Provided by the SAO/NASA Astrophysics Data System}
}

@ARTICLE{1968PhRv..167.1159J,
   author = {{Jones}, F.~C.},
    title = "{Calculated Spectrum of Inverse-Compton-Scattered Photons}",
  journal = {Physical Review},
     year = 1968,
    month = mar,
   volume = 167,
    pages = {1159-1169},
      doi = {10.1103/PhysRev.167.1159},
   adsurl = {http://adsabs.harvard.edu/abs/1968PhRv..167.1159J},
  adsnote = {Provided by the SAO/NASA Astrophysics Data System}
}

@ARTICLE{1970RvMP...42..237B,
   author = {{Blumenthal}, G.~R. and {Gould}, R.~J.},
    title = "{Bremsstrahlung, Synchrotron Radiation, and Compton Scattering of High-Energy Electrons Traversing Dilute Gases}",
  journal = {Reviews of Modern Physics},
     year = 1970,
   volume = 42,
    pages = {237-271},
      doi = {10.1103/RevModPhys.42.237},
   adsurl = {http://adsabs.harvard.edu/abs/1970RvMP...42..237B},
  adsnote = {Provided by the SAO/NASA Astrophysics Data System}
}