@BOOK{1984qlic.book.....H,
   author = {{Halzen}, F. and {Martin}, A.~D.},
    title = "{Quarks and leptons : an introductory course in modern particle physics}",
 keywords = {Quarks, Leptons (Nuclear physics)},
booktitle = {Quarks and leptons : an introductory course in modern particle physics , by Halzen, F.; Martin, Alan D.~ New York : Wiley, c1984.},
     year = 1984,
   adsurl = {http://adsabs.harvard.edu/abs/1984qlic.book.....H},
  adsnote = {Provided by the SAO/NASA Astrophysics Data System}
}

@BOOK{2007ismp.book.....C,
   author = {{Cottingham}, W.~N. and {Greenwood}, D.~A.},
    title = "{An introduction to the standard model of particle physics}",
booktitle = {An introduction to the standard model of particle physics / W.~Noel Cottingham, Derek A.~Greenwood.~2nd ed.~Cambridge : Cambridge University Press, 2007.~ISBN: 9780521852494 (cased)},
     year = 2007,
   adsurl = {http://adsabs.harvard.edu/abs/2007ismp.book.....C},
  adsnote = {Provided by the SAO/NASA Astrophysics Data System}
}
