@ARTICLE{2016ARA&A..54..667S,
   author = {{Shu}, F.~H.},
    title = "{Six Decades of Spiral Density Wave Theory}",
  journal = {\araa},
     year = 2016,
    month = sep,
   volume = 54,
    pages = {667-724},
      doi = {10.1146/annurev-astro-081915-023426},
   adsurl = {http://adsabs.harvard.edu/abs/2016ARA%26A..54..667S},
  adsnote = {Provided by the SAO/NASA Astrophysics Data System}
}